@article{Jimnez2000DynamicBP,
  title={Dynamic branch prediction with perceptrons},
  author={Daniel A. Jim{\'e}nez and Calvin Lin},
  journal={Proceedings HPCA Seventh International Symposium on High-Performance Computer Architecture},
  year={2000},
  pages={197-206}
}

@misc{CezeClass,
  title={Computer Systems Architecture Lecture 5},
  author={Luis Ceze},
  year={Spring 2019},
  howpublished = "\url{https://courses.cs.washington.edu/courses/cse548/19sp}"
}